<?xml version="1.0" encoding="UTF-8"?>
<collection xmlns="http://www.loc.gov/MARC21/slim" xmlns:xsi="http://www.w3.org/2001/XMLSchema-instance" xsi:schemaLocation="http://www.loc.gov/MARC21/slim https://www.loc.gov/standards/marcxml/schema/MARC21slim.xsd"><record>
  <leader>     cmm  22        4500</leader>
  <controlfield tag="001">ICPSR03607</controlfield>
  <controlfield tag="003">MiAaI</controlfield><controlfield tag="006">m    f   a u      </controlfield><controlfield tag="007">cr mn mmmmuuuu</controlfield><controlfield tag="008">170422s2003    miu    f   a        eng d</controlfield><datafield tag="035" ind1=" " ind2=" "><subfield code="a">(MiAaI)ICPSR03607</subfield></datafield>
  <datafield tag="040" ind1=" " ind2=" "><subfield code="a">MiAaI</subfield><subfield code="c">MiAaI</subfield></datafield><datafield tag="245" ind1="0" ind2="0"><subfield code="a">National Household Education Survey, 1999</subfield><subfield code="h">[electronic resource]</subfield>
  <subfield code="c">United States Department of Education. National Center for Education Statistics</subfield></datafield><datafield tag="250" ind1=" " ind2=" "><subfield code="a">2006-01-18</subfield></datafield><datafield tag="260" ind1=" " ind2=" "><subfield code="a">Ann Arbor, Mich.</subfield><subfield code="b">Inter-university Consortium for Political and Social Research [distributor]</subfield>
  <subfield code="c">2003</subfield></datafield><datafield tag="490" ind1=" " ind2=" "><subfield code="a">ICPSR</subfield><subfield code="v">3607</subfield></datafield><datafield tag="490" ind1=" " ind2=" "><subfield code="a">National Household Education Survey (NHES) Series</subfield></datafield><datafield tag="516" ind1=" " ind2=" "><subfield code="a">Numeric</subfield></datafield><datafield tag="538" ind1=" " ind2=" "><subfield code="a">Mode of access: Intranet.</subfield></datafield><datafield tag="500" ind1=" " ind2=" "><subfield code="a">Title from ICPSR DDI metadata of 2017-04-22.</subfield></datafield><datafield tag="506" ind1=" " ind2=" "><subfield code="a">AVAILABLE. This study is freely available to the general public.</subfield></datafield><datafield tag="530" ind1=" " ind2=" "><subfield code="a">Also available as downloadable files.</subfield></datafield><datafield tag="522" ind1=" " ind2=" "><subfield code="a">United States</subfield></datafield><datafield tag="520" ind1="3" ind2=" "><subfield code="a">The National Household Education Survey (NHES) reports on
the condition of education in the United States by collecting data at
the household level rather than using a traditional, school-based data
collection system. The surveys attempt to address many current issues
in education, such as preprimary education, school safety and
discipline, adult education, and activities related to
citizenship. This survey included three topical survey components: a
Parent Interview, a Youth Interview, and an Adult Education
Interview. The Parent Interview (Part 1, Parent Survey Data) collected
data on a variety of topics, including early childhood program
participation, types and frequency of family involvement in children's
schooling, school practices to involve and support families, learning
activities with children outside of school, and plans for their
children's postsecondary education. The Adult Education Interview
(Part 2, Adult Education Survey Data) gathered data on type of adult
education program enrolled in, employer support, and degree sought for
six types of adult educational activities, including English as a
second language, adult basic education, credential programs,
apprenticeships, work-related courses, and personal development
courses. The Youth Interview (Part 3, Youth Survey Data) elicited
information from youths in the 6th through 12th grades whose parents
had completed a Parent Interview. Respondents were asked about school
and family environments, civic involvement and community service, and
plans for postsecondary education.Cf: http://doi.org/10.3886/ICPSR03607.v1</subfield></datafield><datafield tag="505" ind1=" " ind2=" "><subfield code="t">Parent Survey Data</subfield></datafield><datafield tag="505" ind1=" " ind2=" "><subfield code="t">Adult Education Survey Data</subfield></datafield><datafield tag="505" ind1=" " ind2=" "><subfield code="t">Youth Survey Data</subfield></datafield><datafield tag="567" ind1=" " ind2=" "><subfield code="a">National sample of household members in the United
States.</subfield></datafield><datafield tag="650" ind1=" " ind2="7"><subfield code="a">adult education</subfield><subfield code="2">icpsr</subfield></datafield><datafield tag="650" ind1=" " ind2="7"><subfield code="a">basic skills</subfield><subfield code="2">icpsr</subfield></datafield><datafield tag="650" ind1=" " ind2="7"><subfield code="a">child development</subfield><subfield code="2">icpsr</subfield></datafield><datafield tag="650" ind1=" " ind2="7"><subfield code="a">classroom environment</subfield><subfield code="2">icpsr</subfield></datafield><datafield tag="650" ind1=" " ind2="7"><subfield code="a">community participation</subfield><subfield code="2">icpsr</subfield></datafield><datafield tag="650" ind1=" " ind2="7"><subfield code="a">early childhood education</subfield><subfield code="2">icpsr</subfield></datafield><datafield tag="650" ind1=" " ind2="7"><subfield code="a">educational programs</subfield><subfield code="2">icpsr</subfield></datafield><datafield tag="650" ind1=" " ind2="7"><subfield code="a">English as a Second Language</subfield><subfield code="2">icpsr</subfield></datafield><datafield tag="650" ind1=" " ind2="7"><subfield code="a">families</subfield><subfield code="2">icpsr</subfield></datafield><datafield tag="650" ind1=" " ind2="7"><subfield code="a">home environment</subfield><subfield code="2">icpsr</subfield></datafield><datafield tag="650" ind1=" " ind2="7"><subfield code="a">households</subfield><subfield code="2">icpsr</subfield></datafield><datafield tag="650" ind1=" " ind2="7"><subfield code="a">parental attitudes</subfield><subfield code="2">icpsr</subfield></datafield><datafield tag="650" ind1=" " ind2="7"><subfield code="a">parental influence</subfield><subfield code="2">icpsr</subfield></datafield><datafield tag="650" ind1=" " ind2="7"><subfield code="a">participation</subfield><subfield code="2">icpsr</subfield></datafield><datafield tag="650" ind1=" " ind2="7"><subfield code="a">secondary education</subfield><subfield code="2">icpsr</subfield></datafield><datafield tag="650" ind1=" " ind2="7"><subfield code="a">youths</subfield><subfield code="2">icpsr</subfield></datafield><datafield tag="653" ind1="0" ind2=" "><subfield code="a">CCEERC I.B. Child Development and School Readiness</subfield></datafield><datafield tag="653" ind1="0" ind2=" "><subfield code="a">CCEERC XII.C. School Performance and Success</subfield></datafield><datafield tag="653" ind1="0" ind2=" "><subfield code="a">CCEERC II. Parents and Families</subfield></datafield><datafield tag="653" ind1="0" ind2=" "><subfield code="a">CCEERC XII. Parent, School, and Community School Readiness/Child School Success and Performance</subfield></datafield><datafield tag="653" ind1="0" ind2=" "><subfield code="a">ICPSR V.A. Education, United States</subfield></datafield><datafield tag="653" ind1="0" ind2=" "><subfield code="a">CCEERC I. Children and Child Development</subfield></datafield><datafield tag="653" ind1="0" ind2=" "><subfield code="a">RCMD III. Education</subfield></datafield><datafield tag="710" ind1="2" ind2=" "><subfield code="a">United States Department of Education. National Center for Education Statistics</subfield></datafield><datafield tag="710" ind1="2" ind2=" "><subfield code="a">Inter-university Consortium for Political and Social Research.</subfield></datafield><datafield tag="830" ind1=" " ind2="0"><subfield code="a">ICPSR (Series)</subfield><subfield code="v">3607</subfield></datafield><datafield tag="856" ind1="4" ind2="0"><subfield code="z">Access restricted ; authentication may be required:</subfield><subfield code="u">http://doi.org/10.3886/ICPSR03607.v1</subfield></datafield></record></collection>
